<record><leader>00000cas a22000007a 4500</leader><controlfield tag="001">11166343</controlfield><controlfield tag="008">840918d18751880inuwr ne      0    0eng d</controlfield><datafield ind1=" " ind2=" " tag="010"><subfield code="a">sn 84037957 </subfield></datafield><datafield ind1=" " ind2=" " tag="040"><subfield code="a">NPX</subfield><subfield code="b">eng</subfield><subfield code="c">NPX</subfield><subfield code="d">NPU</subfield><subfield code="d">NPI</subfield><subfield code="d">OCLCQ</subfield></datafield><datafield ind1=" " ind2=" " tag="042"><subfield code="a">msc</subfield></datafield><datafield ind1="0" ind2="4" tag="245"><subfield code="a">The Mooresville herald.</subfield></datafield><datafield ind1=" " ind2=" " tag="260"><subfield code="a">Mooresville, Ind. :</subfield><subfield code="b">J.H. Burke &amp; J.A. Handibok</subfield></datafield><datafield ind1=" " ind2=" " tag="300"><subfield code="a">v. :</subfield><subfield code="b">ill. (chiefly advertisements)</subfield></datafield><datafield ind1=" " ind2=" " tag="310"><subfield code="a">Weekly</subfield></datafield><datafield ind1="1" ind2=" " tag="362"><subfield code="a">Began in 1875.</subfield><subfield code="z">Cf. Geo. P. Rowell &amp; Co. American Newspaper Directory.</subfield></datafield><datafield ind1="1" ind2=" " tag="362"><subfield code="a">Ceased in 1880.</subfield><subfield code="z">Cf. Miller, John W. Indiana newspaper bibliog.</subfield></datafield><datafield ind1=" " ind2=" " tag="500"><subfield code="a">Editor: James H. Burke, &lt;1876&gt;.</subfield></datafield><datafield ind1=" " ind2=" " tag="500"><subfield code="a">Publisher: Jas. H. Burke, &lt;1876&gt;.</subfield></datafield><datafield ind1=" " ind2=" " tag="500"><subfield code="a">Politically independent Cf. Miller.</subfield></datafield><datafield ind1=" " ind2=" " tag="588"><subfield code="a">Description based on: Vol. 1, no. 8 (July 23, 1875).</subfield></datafield><datafield ind1=" " ind2=" " tag="752"><subfield code="a">United States</subfield><subfield code="b">Indiana</subfield><subfield code="c">Morgan</subfield><subfield code="d">Mooresville.</subfield></datafield><datafield ind1="0" ind2="0" tag="780"><subfield code="t">Mooresville enterprise</subfield><subfield code="w">(DLC)sn 84027542</subfield></datafield><datafield ind1="0" ind2="0" tag="785"><subfield code="t">Mooresville monitor (Mooresville, Ind. : 1880)</subfield></datafield><datafield ind1="1" ind2=" " tag="029"><subfield code="a">AU@</subfield><subfield code="b">000025817168</subfield></datafield></record>